% This file was created with Citavi 5.4.0.2

@article{Kwiatkowska.2012,
 author = {Kwiatkowska, Marta and Norman, Gethin and Parker, David},
 year = {2012},
 title = {Probabilistic verification of Herman's self-stabilisation algorithm},
 pages = {661--670},
 volume = {24},
 number = {4-6},
 issn = {0934-5043},
 journal = {Formal Aspects of Computing},
 doi = {10.1007/s00165-012-0227-6}
}


