% This file was created with Citavi 5.4.0.2

@inproceedings{Mao.,
 author = {Mao, Hua and Chen, Yingke and Jaeger, Manfred and Nielsen, Thomas D. and Larsen, Kim G. and Nielsen, Brian},
 title = {Learning Probabilistic Automata for Model Checking},
 pages = {111--120},
 booktitle = {2011 Eighth International Conference on Quantitative Evaluation of Systems (QEST)},
 doi = {10.1109/QEST.2011.21}
}

@InBook{KY76,
author={D. Knuth and A. Yao},
title={Algorithms and Complexity: New Directions and Recent Results},
chapter={The complexity of nonuniform random number generation},
publisher={Academic Press},
year={1976}
}

@article{Angluin.1987,
 author = {Angluin, Dana},
 year = {1987},
 title = {Learning regular sets from queries and counterexamples},
 pages = {87--106},
 volume = {75},
 number = {2},
 issn = {08905401},
 journal = {Information and Computation},
 doi = {10.1016/0890-5401(87)90052-6}
}

@incollection{Carrasco.1994,
 author = {Carrasco, Rafael C. and Oncina, Jose},
 title = {Learning stochastic regular grammars by means of a state merging method},
 pages = {139--152},
 volume = {862},
 publisher = {Springer},
 isbn = {978-3-540-58473-5},
 series = {Lecture notes in computer science Lecture notes in artificial intelligence},
 editor = {Carrasco, Rafael C.},
 booktitle = {Grammatical inference and applications},
 year = {1994},
 address = {Berlin},
 doi = {10.1007/3-540-58473-0{\textunderscore }144}
}

@INPROCEEDINGS{Oncina92,
    author = {Jose Oncina and Pedro Garcia},
    title = {Identifying Regular Languages In Polynomial Time},
    booktitle = {Advances in structural and syntactic pattern recognition, Volume 5 of series in machine perception and artificial intelligence},
    year = {1992},
    pages = {99--108},
    publisher = {World Scientific}
}

@MISC{Shibata_the11th,
    author = {Chihiro Shibata and Ryo Yoshinaka},
    title = {The 11th ICGI Marginalizing Out Transition Probabilities for Several Subclasses of PFAs},
    year = {2012},
	pages = {259–263}
}

@article{Kwiatkowska.2012,
 author = {Kwiatkowska, Marta and Norman, Gethin and Parker, David},
 year = {2012},
 title = {Probabilistic verification of Herman's self-stabilisation algorithm},
 pages = {661--670},
 volume = {24},
 number = {4-6},
 issn = {0934-5043},
 journal = {Formal Aspects of Computing},
 doi = {10.1007/s00165-012-0227-6}
}