% This file was created with Citavi 5.4.0.2

@proceedings{.,
 title = {2011 Eighth International Conference on Quantitative Evaluation of Systems (QEST)}
}


@incollection{Thollard.2002,
 author = {Thollard, Franck and Clark, Alexander},
 title = {Shallow Parsing Using Probabilistic Grammatical Inference},
 pages = {269--282},
 volume = {2484},
 publisher = {{Springer Berlin Heidelberg}},
 isbn = {978-3-540-44239-4},
 series = {Lecture Notes in Computer Science},
 editor = {Goos, G. and Hartmanis, J. and {van Leeuwen}, J. and Adriaans, Pieter and Fernau, Henning and {van Zaanen}, Menno},
 booktitle = {Grammatical Inference: Algorithms and Applications},
 year = {2002},
 address = {Berlin, Heidelberg},
 doi = {10.1007/3-540-45790-9{\textunderscore }22}
}


@inproceedings{Thollard.2000,
 author = {Thollard, Franck Thollard},
 title = {Probabilistic DFA Inference using Kullback-Leibler Divergence and Minimality},
 pages = {975--982},
 publisher = {{Morgan Kauffman}},
 booktitle = {In Seventeenth International Conference on Machine Learning},
 year = {2000}
}


@article{.b,
 title = {Stochastic Grammatical Inference of Text Database Structure}
}


@article{Mao.2012,
 author = {Mao, Hua and Chen, Yingke and Jaeger, Manfred and Nielsen, Thomas D. and Larsen, Kim G. and Nielsen, Brian},
 year = {2012},
 title = {Learning Markov Decision Processes for Model Checking},
 pages = {49--63},
 volume = {103},
 issn = {2075-2180},
 journal = {Electronic Proceedings in Theoretical Computer Science},
 doi = {10.4204/EPTCS.103.6}
}


@inproceedings{Mao.,
 author = {Mao, Hua and Chen, Yingke and Jaeger, Manfred and Nielsen, Thomas D. and Larsen, Kim G. and Nielsen, Brian},
 title = {Learning Probabilistic Automata for Model Checking},
 pages = {111--120},
 booktitle = {2011 Eighth International Conference on Quantitative Evaluation of Systems (QEST)},
 doi = {10.1109/QEST.2011.21}
}


@incollection{LaHiguera.2000,
 author = {de {La Higuera}, Colin and Thollard, Franck},
 title = {Identification in the Limit with Probability One of Stochastic Deterministic Finite Automata},
 pages = {141--156},
 volume = {1891},
 publisher = {{Springer Berlin Heidelberg}},
 isbn = {978-3-540-41011-9},
 series = {Lecture Notes in Computer Science},
 editor = {Goos, Gerhard and Hartmanis, Juris and {van Leeuwen}, Jan and Oliveira, Arlindo L.},
 booktitle = {Grammatical Inference: Algorithms and Applications},
 year = {2000},
 address = {Berlin, Heidelberg},
 doi = {10.1007/978-3-540-45257-7{\textunderscore }12}
}


@book{vanVliet.2009,
 author = {{van Vliet}, Hans},
 year = {2009},
 title = {Proceedings of the the 7th joint meeting of the European software engineering conference and the ACM SIGSOFT symposium on The foundations of software engineering},
 url = {http://dl.acm.org/citation.cfm?id=1595696},
 keywords = {Computer science;dynamic analysis;mining automata;temporal properties},
 address = {New York, NY},
 publisher = {ACM},
 isbn = {9781605580012},
 institution = {{ACM Special Interest Group on Software Engineering}}
}


@proceedings{.2000,
 year = {2000},
 title = {In Seventeenth International Conference on Machine Learning},
 publisher = {{Morgan Kauffman}}
}


@book{Hutchison.2010,
 year = {2010},
 title = {Grammatical Inference: Theoretical Results and Applications},
 address = {Berlin, Heidelberg},
 publisher = {{Springer Berlin Heidelberg}},
 isbn = {978-3-642-15487-4},
 series = {Lecture Notes in Computer Science},
 editor = {Hutchison, David and Kanade, Takeo and Kittler, Josef and Kleinberg, Jon M. and Mattern, Friedemann and Mitchell, John C. and Naor, Moni and Nierstrasz, Oscar and {Pandu Rangan}, C. and Steffen, Bernhard and Sudan, Madhu and Terzopoulos, Demetri and Tygar, Doug and Vardi, Moshe Y. and Weikum, Gerhard and Sempere, Jos{\'e} M. and Garc{\'i}a, Pedro},
 doi = {10.1007/978-3-642-15488-1}
}


@book{Goos.2002,
 year = {2002},
 title = {Grammatical Inference: Algorithms and Applications},
 address = {Berlin, Heidelberg},
 publisher = {{Springer Berlin Heidelberg}},
 isbn = {978-3-540-44239-4},
 series = {Lecture Notes in Computer Science},
 editor = {Goos, G. and Hartmanis, J. and {van Leeuwen}, J. and Adriaans, Pieter and Fernau, Henning and {van Zaanen}, Menno},
 doi = {10.1007/3-540-45790-9}
}


@book{Goos.2000,
 year = {2000},
 title = {Grammatical Inference: Algorithms and Applications},
 address = {Berlin, Heidelberg},
 publisher = {{Springer Berlin Heidelberg}},
 isbn = {978-3-540-41011-9},
 series = {Lecture Notes in Computer Science},
 editor = {Goos, Gerhard and Hartmanis, Juris and {van Leeuwen}, Jan and Oliveira, Arlindo L.},
 doi = {10.1007/b75249}
}


@incollection{Garcia.2010,
 author = {Garc{\'i}a, Pedro and {V{\'a}zquez de Parga}, Manuel and L{\'o}pez, Dami{\'a}n and Ruiz, Jos{\'e}},
 title = {Learning Automata Teams},
 pages = {52--65},
 volume = {6339},
 publisher = {{Springer Berlin Heidelberg}},
 isbn = {978-3-642-15487-4},
 series = {Lecture Notes in Computer Science},
 editor = {Hutchison, David and Kanade, Takeo and Kittler, Josef and Kleinberg, Jon M. and Mattern, Friedemann and Mitchell, John C. and Naor, Moni and Nierstrasz, Oscar and {Pandu Rangan}, C. and Steffen, Bernhard and Sudan, Madhu and Terzopoulos, Demetri and Tygar, Doug and Vardi, Moshe Y. and Weikum, Gerhard and Sempere, Jos{\'e} M. and Garc{\'i}a, Pedro},
 booktitle = {Grammatical Inference: Theoretical Results and Applications},
 year = {2010},
 address = {Berlin, Heidelberg},
 doi = {10.1007/978-3-642-15488-1{\textunderscore }6}
}


@book{.c,
 title = {Benelearn 2007: Proceedings of the Annual Machine Learning Conference of Belgium and the Netherlands, Amsterdam, The Netherlands}
}


@article{.d,
 title = {a grammar inference algorithm for the world wide web (better alergia version)}
}


@article{.e,
 title = {improving{\_}probabilstic{\_}grammatical{\_}inference{\_}core{\_}algorithms{\_}with{\_}post{\_}processing{\_}techniques}
}


@book{Verwer.2007,
 year = {2007},
 title = {An algorithm for learning real-time automata},
 address = {Amsterdam},
 editor = {Verwer, S. E. and de Weerdt, M. M. and Witteveen, C.}
}


